@inproceedings{clements01,
  title = {Modeling an algebraic stepper},
  author = {Clements, John and Flatt, Matthew and Felleisen, Matthias},
  booktitle = {European symposium on programming},
  seriese = {ESOP '01},
  pages = {320--334},
  year = {2001},
  organization = {Springer}
}

@article{felleisen04,
  author = {Felleisen, Matthias and Findler, Robert Bruce and Flatt, Matthew and Krishnamurthi, Shriram},
  title = {The Structure and Interpretation of the Computer Science Curriculum},
  journal = {J. Funct. Program.},
  issue_date = {July 2004},
  volume = {14},
  number = {4},
  month = jul,
  year = {2004},
  issn = {0956-7968},
  pages = {365--378},
  numpages = {14},
  url = {http://dx.doi.org/10.1017/S0956796804005076},
 doi = {10.1017/S0956796804005076},
  acmid = {997813},
  publisher = {Cambridge University Press},
  address = {New York, NY, USA},
}

@book{felleisen09,
  title = {Semantics engineering with PLT Redex},
  author = {Felleisen, Matthias and Findler, Robert Bruce and Flatt, Matthew},
  year = {2009},
  publisher = {MIT Press}
}

@inproceedings{klein12,
  author = {Klein, Casey and Clements, John and Dimoulas, Christos and Eastlund, Carl and Felleisen, Matthias and Flatt, Matthew and McCarthy, Jay A. and Rafkind, Jon and Tobin-Hochstadt, Sam and Findler, Robert Bruce},
  title = {Run Your Research: On the Effectiveness of Lightweight Mechanization},
  booktitle = {Proceedings of the 39th Annual ACM SIGPLAN-SIGACT Symposium on Principles of Programming Languages},
  series = {POPL '12},
  year = {2012},
  isbn = {978-1-4503-1083-3},
  location = {Philadelphia, PA, USA},
  pages = {285--296},
  numpages = {12},
  url = {http://doi.acm.org/10.1145/2103656.2103691},
  doi = {10.1145/2103656.2103691},
  acmid = {2103691},
  publisher = {ACM},
  address = {New York, NY, USA},
  keywords = {lightweight semantics engineering},
} 

@inproceedings{tsushima12,
  title = {An embedded type debugger},
  author = {Tsushima, Kanae and Asai, Kenichi},
  booktitle = {Symposium on Implementation and Application of Functional Languages},
  pages = {190--206},
  year = {2012},
  organization = {Springer}
}

@inproceedings{tunnell18,
  title = {Evaluating the Tracing of Recursion in the Substitution Notional Machine},
  author = {Tunnell Wilson, Preston and Fisler, Kathi and Krishnamurthi, Shriram},
  booktitle = {Proceedings of the 49th ACM Technical Symposium on Computer Science Education},
  series = {SIGCSE '18},
  pages = {1023--1028},
  year = {2018},
  organization = {ACM}
}

@inproceedings{FF1986,
  title = {Control operators, the SECD-machine, and the $\lambda$-calculus},  author = {Felleisen, Matthias and Friedman, Daniel P.},
  booktitle = {Formal Description of Programming Concepts III},
  editor = {Wirsing, M.},
  pages = {193--219},
  year = {1986},
  publisher = {Elsevier}
}

@inproceedings{DF1990,
  title = {Abstracting Control},
  author = {Danvy, Olivier and Filinski, Andrzej},
  booktitle = {Proceedings of the 1990 ACM Conference on Lisp and
	  Functional Programming},
  series = {LFP '90},
  pages = {151--160},
  year = {1990},
}

@article{NI2009,
author = {根岸純一 and 岩崎英哉},
title = {Haskellプログラムの開発を支援する{GHCi}デバッガフロントエンド},
journal = {情報処理学会論文誌プログラミング},
year = {2009},
volume = {2},
number = {3},
pages = {48--56},
month = jul,
}

@article{Bennett1973,
author = {C. H. Bennett},
title = {Logical Reversibility of Computation},
journal = {IBM Journal of Research and Development},
year = {1973},
volume = {17},
number = {6},
pages = {525--532},
month = nov,
}

@article{Cong16,
author = {Youyou Cong and Kenichi Asai},
title = {Implementing a stepper using delimited continuations},
journal = {7th International Symposium on Symbolic Computation in Software Science},
year = {2016},
volume = {39},
pages = {42--54},
}

@inproceedings{FCA18,
author = {Tsukino Furukawa and Youyou Cong and Kenichi Asai},
title = {Stepping {OCaml}},
booktitle = {Proceedings Sixth Workshop on Trends in Functional Programming in Education},
year = {submitted for publication},
note = {査読用に http://pllab.is.ocha.ac.jp/\~{}asai/tmp/paper.pdf から取得可能},
}

@inproceedings{FCA19,
   title={Stepping {OCaml}},
   volume={295},
   ISSN={2075-2180},
   url={http://dx.doi.org/10.4204/EPTCS.295.2},
   DOI={10.4204/eptcs.295.2},
   journal={Electronic Proceedings in Theoretical Computer Science},
   publisher={Open Publishing Association},
   author={Furukawa, Tsukino and Cong, Youyou and Asai, Kenichi},
   year={2019},
   month={Jun},
   pages={17--34}
}


@book{Asai07,
author = {浅井健一},
title = {プログラミングの基礎},
publisher = {サイエンス社},
year = {2007},
month = feb,
}