@article{Chitil2001,
author = {Chitil, O.},
title = {Compositional explanation of types and algorithmic debugging of type errors},
journal = {Proceedings of the ACM SIGPLAN International Conference on Functional Programming (ICFP'01)},
year = {2001},
month = {September},
pages = {193--204}
}

@book{shapiro1983,
author = {Shapiro, E. Y.},
title = {Algorithmic Program Debugging},
year = {1983},
publisher = {Cambridge: MIT Press}
}

@article{TA2013,
author = {対馬 かなえ and 浅井 健一},
title = {コンパイラの型推論を利用した型デバッグの手法の提案},
journal = {コンピュータソフトウェア},
year = {2013},
volume = {30},
number = {1},
pages = {180--186}
}

@techreport{DF1989,
  author =	{Danvy, O. and Filinski, A.},
  title =	{{A Functional Abstraction of Typed Contexts}},
  number =	{89/12},
  year =	{1989},
  month = 	{July},
  institution = {DIKU, University of Copenhagen}
}

@InProceedings{DF1990,
  author = {Danvy, O. and Filinski, A.}, 
  title = {{Abstracting Control}},
  booktitle = {Proc. 1990 ACM Conference on 
	Lisp and Functional Programming},
  pages = {151--160},
  year = 1990
}

@Article{DF1992,
  author = {Danvy, O. and Filinski, A.}, 
  title = {{Representing Control: a Study of the {CPS} Transformation}},
  journal = {Mathematical Structures in Computer Science},
  pages = {361--391},
  volume = 2,
  number = 4,
  year = 1992
}

@InProceedings{KH2003,
  author = {Kameyama, Y. and Hasegawa, M.},
  title = {A Sound and Complete Axiomatization for Delimited Continuations},
  booktitle = {ICFP},
  booktitle2 = {Proc. 8th ACM International Conf. on Functional Programming},
  pages = {177--188},
  year = 2003
}

@Article{Plotkin1975,
  author = {Plotkin, G. D.},
  title = {{Call-by-Name, Call-by-Value, and the $\lambda$-Calculus}},
  journal = {Theoretical Computer Science},
  volume = 1,
  pages = {125-159},
  year = 1975
}

@article{WF1994,
  author    = {A. K. Wright and
               M. Felleisen},
  title     = {A Syntactic Approach to Type Soundness},
  journal   = {Inf. Comput.},
  volume    = {115},
  number    = {1},
  year      = {1994},
  pages     = {38-94},
  bibsource = {DBLP, http://dblp.uni-trier.de}
}
